<?xml version="1.0" encoding="UTF-8"?><record xmlns="http://www.loc.gov/MARC21/slim" xmlns:cinclude="http://apache.org/cocoon/include/1.0" xmlns:zs="http://www.loc.gov/zing/srw/">
  <leader>00562cz  a2200157n  4500</leader>
  <controlfield tag="001">no2006058359</controlfield>
  <controlfield tag="003">DLC</controlfield>
  <controlfield tag="005">20130323093117.0</controlfield>
  <controlfield tag="008">060606n| azannaabn          |a aaa     c</controlfield>
  <datafield tag="010" ind1=" " ind2=" ">
    <subfield code="a">no2006058359</subfield>
  </datafield>
  <datafield tag="035" ind1=" " ind2=" ">
    <subfield code="a">(OCoLC)oca06960910</subfield>
  </datafield>
  <datafield tag="040" ind1=" " ind2=" ">
    <subfield code="a">Ct</subfield>
    <subfield code="b">eng</subfield>
    <subfield code="e">rda</subfield>
    <subfield code="c">Ct</subfield>
    <subfield code="d">DLC</subfield>
  </datafield>
  <datafield tag="046" ind1=" " ind2=" ">
    <subfield code="s">1727</subfield>
    <subfield code="t">1767</subfield>
  </datafield>
  <datafield tag="100" ind1="1" ind2=" ">
    <subfield code="a">Udall, Lionel,</subfield>
    <subfield code="d">active 1727-1767</subfield>
  </datafield>
  <datafield tag="400" ind1="1" ind2=" ">
    <subfield code="w">nnea</subfield>
    <subfield code="a">Udall, Lionel,</subfield>
    <subfield code="d">fl. 1727-1767</subfield>
  </datafield>
  <datafield tag="670" ind1=" " ind2=" ">
    <subfield code="a">John⁴ Udell (1795-1874), 2005, c2003:</subfield>
    <subfield code="b">p. 4-5 (Dr. Lionel Udall, first specific record his marriage Oct. 30 1727; the last entries in his account book were in 1767)</subfield>
  </datafield>
</record>